{
  "leader": "02312cam a2200409 i 4500",
  "fields": [
    {
      "001": "ocm03492516\\"
    },
    {
      "003": "OCoLC"
    },
    {
      "005": "20221209105518.0"
    },
    {
      "008": "771214s1940\\\\\\\\xx\\bcef\\\\b\\\\\\\\000\\0\\eng\\\\"
    },
    {
      "010": {
        "ind1": "\\",
        "ind2": "\\",
        "subfields": [
          {
            "a": "   41005562 "
          }
        ]
      }
    },
    {
      "040": {
        "ind1": "\\",
        "ind2": "\\",
        "subfields": [
          {
            "a": "DLC"
          },
          {
            "b": "eng"
          },
          {
            "c": "ALL"
          },
          {
            "d": "OCLCQ"
          },
          {
            "d": "STF"
          },
          {
            "d": "YYP"
          },
          {
            "d": "OCLCQ"
          },
          {
            "d": "OCLCO"
          },
          {
            "d": "OCLCF"
          },
          {
            "d": "KMS"
          },
          {
            "d": "AVA"
          },
          {
            "d": "OCLCA"
          },
          {
            "d": "OCLCO"
          },
          {
            "d": "OCLCQ"
          }
        ]
      }
    },
    {
      "019": {
        "ind1": "\\",
        "ind2": "\\",
        "subfields": [
          {
            "a": "1008288976"
          }
        ]
      }
    },
    {
      "035": {
        "ind1": "\\",
        "ind2": "\\",
        "subfields": [
          {
            "a": "(OCoLC)3492516"
          },
          {
            "z": "(OCoLC)1008288976"
          }
        ]
      }
    },
    {
      "043": {
        "ind1": "\\",
        "ind2": "\\",
        "subfields": [
          {
            "a": "n-us-va"
          }
        ]
      }
    },
    {
      "050": {
        "ind1": "0",
        "ind2": "4",
        "subfields": [
          {
            "a": "F234.W7"
          },
          {
            "b": "G47 1941"
          }
        ]
      }
    },
    {
      "082": {
        "ind1": "0",
        "ind2": "4",
        "subfields": [
          {
            "a": "975.5"
          },
          {
            "b": "GOO"
          }
        ]
      }
    },
    {
      "100": {
        "ind1": "1",
        "ind2": "\\",
        "subfields": [
          {
            "a": "Goodwin, Rutherfoord,"
          },
          {
            "d": "1901-"
          }
        ]
      }
    },
    {
      "245": {
        "ind1": "1",
        "ind2": "2",
        "subfields": [
          {
            "a": "A brief & true report concerning Williamsburg in Virginia:"
          },
          {
            "b": "being an account of the most important occurrences in that place from its first beginning to the present time. To which is added an appendix composed of the records and works from which this account is drawn; together with full and true copies of the acts for building the capitol and the city of Williamsburg, and the charter of the city /"
          },
          {
            "c": "by Rutherfoord Goodwin (an inhabitant of the place)."
          }
        ]
      }
    },
    {
      "250": {
        "ind1": "\\",
        "ind2": "\\",
        "subfields": [
          {
            "a": "A third rev. & enlarged by the author. "
          }
        ]
      }
    },
    {
      "260": {
        "ind1": "\\",
        "ind2": "\\",
        "subfields": [
          {
            "a": "Williamsburg :"
          },
          {
            "b": "Printed for Colonial Williamsburg, by A. Dietz and his Son on their Press, Richmond, Va.,"
          },
          {
            "c": "1940 [i.e. 1941]"
          }
        ]
      }
    },
    {
      "300": {
        "ind1": "\\",
        "ind2": "\\",
        "subfields": [
          {
            "a": "2 preliminary leaves, [iii]-xii, 406 pages :"
          },
          {
            "b": "frontispiece (portrait) plates, maps, folded plans ;"
          },
          {
            "c": "21 cm"
          }
        ]
      }
    },
    {
      "336": {
        "ind1": "\\",
        "ind2": "\\",
        "subfields": [
          {
            "a": "text"
          },
          {
            "b": "txt"
          },
          {
            "2": "rdacontent"
          }
        ]
      }
    },
    {
      "337": {
        "ind1": "\\",
        "ind2": "\\",
        "subfields": [
          {
            "a": "unmediated"
          },
          {
            "b": "n"
          },
          {
            "2": "rdamedia"
          }
        ]
      }
    },
    {
      "338": {
        "ind1": "\\",
        "ind2": "\\",
        "subfields": [
          {
            "a": "volume"
          },
          {
            "b": "nc"
          },
          {
            "2": "rdacarrier"
          }
        ]
      }
    },
    {
      "500": {
        "ind1": "\\",
        "ind2": "\\",
        "subfields": [
          {
            "a": "\"Copyrighted ... in January ... 1941.\""
          }
        ]
      }
    },
    {
      "500": {
        "ind1": "\\",
        "ind2": "\\",
        "subfields": [
          {
            "a": "The \"Appendix\" (p. [125]-357) has special title page"
          }
        ]
      }
    },
    {
      "504": {
        "ind1": "\\",
        "ind2": "\\",
        "subfields": [
          {
            "a": "Includes bibliographical references."
          }
        ]
      }
    },
    {
      "651": {
        "ind1": "\\",
        "ind2": "0",
        "subfields": [
          {
            "a": "Williamsburg (Va.)"
          },
          {
            "x": "History."
          }
        ]
      }
    },
    {
      "650": {
        "ind1": "\\",
        "ind2": "0",
        "subfields": [
          {
            "a": "Historic buildings"
          },
          {
            "z": "Williamsburg (Va.)"
          }
        ]
      }
    },
    {
      "650": {
        "ind1": "\\",
        "ind2": "7",
        "subfields": [
          {
            "a": "Historic buildings."
          },
          {
            "2": "fast"
          },
          {
            "0": "(OCoLC)fst00957723"
          }
        ]
      }
    },
    {
      "651": {
        "ind1": "\\",
        "ind2": "7",
        "subfields": [
          {
            "a": "Virginia"
          },
          {
            "z": "Williamsburg."
          },
          {
            "2": "fast"
          },
          {
            "0": "(OCoLC)fst01205036"
          }
        ]
      }
    },
    {
      "655": {
        "ind1": "\\",
        "ind2": "7",
        "subfields": [
          {
            "a": "History."
          },
          {
            "2": "fast"
          },
          {
            "0": "(OCoLC)fst01411628"
          }
        ]
      }
    },
    {
      "710": {
        "ind1": "2",
        "ind2": "\\",
        "subfields": [
          {
            "a": "Colonial Williamsburg, Incorporated."
          }
        ]
      }
    },
    {
      "776": {
        "ind1": "0",
        "ind2": "8",
        "subfields": [
          {
            "i": "Online version:"
          },
          {
            "a": "Goodwin, Rutherfoord, 1901-"
          },
          {
            "t": "Brief & true report concerning Williamsburg in Virginia."
          },
          {
            "b": "A 3d ed. rev. & enl. by the author."
          },
          {
            "d": "Williamsburg, Printed for Colonial Williamsburg, by A. Dietz and his Son on their Press, Richmond, Va., 1940 [i.e. 1941]"
          },
          {
            "w": "(OCoLC)654573155"
          }
        ]
      }
    },
    {
      "994": {
        "ind1": "\\",
        "ind2": "\\",
        "subfields": [
          {
            "a": "Z0"
          },
          {
            "b": "NYRVC"
          }
        ]
      }
    },
    {
      "948": {
        "ind1": "\\",
        "ind2": "\\",
        "subfields": [
          {
            "h": "NO HOLDINGS IN NYRVC - 143 OTHER HOLDINGS"
          }
        ]
      }
    },
    {
      "999": {
        "ind1": "\\",
        "ind2": "\\",
        "subfields": [
          {
            "a": "00000000017897"
          }
        ]
      }
    }
  ]
}